[gd_scene load_steps=2 format=2]

[ext_resource path="res://Scenes/Levels/Base/Level.tscn" type="PackedScene" id=1]

[node name="Level" index="0" instance=ExtResource( 1 )]

stage_number = 10
time_for_level = 900

[node name="FoodSpawnsContainer" parent="." index="1"]

editor/display_folded = false

[node name="FoodSpawn1" parent="FoodSpawnsContainer" index="0"]

position = Vector2( 432, 240 )

[node name="FoodSpawn2" type="Position2D" parent="FoodSpawnsContainer" index="1"]

position = Vector2( 144, 240 )

[node name="FoodSpawn3" type="Position2D" parent="FoodSpawnsContainer" index="2"]

position = Vector2( 208, 400 )

[node name="FoodSpawn4" type="Position2D" parent="FoodSpawnsContainer" index="3"]

position = Vector2( 592, 432 )

[node name="FoodSpawn5" type="Position2D" parent="FoodSpawnsContainer" index="4"]

position = Vector2( 400, 112 )

[node name="FoodSpawn6" type="Position2D" parent="FoodSpawnsContainer" index="5"]

position = Vector2( 48, 144 )

[node name="FoodSpawn7" type="Position2D" parent="FoodSpawnsContainer" index="6"]

position = Vector2( 304, 304 )

[node name="FoodSpawn8" type="Position2D" parent="FoodSpawnsContainer" index="7"]

position = Vector2( 400, 176 )

[node name="FoodSpawn9" type="Position2D" parent="FoodSpawnsContainer" index="8"]

position = Vector2( 208, 240 )

[node name="FoodSpawn10" type="Position2D" parent="FoodSpawnsContainer" index="9"]

position = Vector2( 400, 336 )

[node name="FoodSpawn11" type="Position2D" parent="FoodSpawnsContainer" index="10"]

position = Vector2( 48, 432 )

[node name="FoodSpawn12" type="Position2D" parent="FoodSpawnsContainer" index="11"]

position = Vector2( 144, 176 )

[node name="FoodSpawn13" type="Position2D" parent="FoodSpawnsContainer" index="12"]

position = Vector2( 272, 400 )

[node name="FoodSpawn14" type="Position2D" parent="FoodSpawnsContainer" index="13"]

position = Vector2( 528, 272 )

[node name="FoodSpawn15" type="Position2D" parent="FoodSpawnsContainer" index="14"]

position = Vector2( 272, 144 )

[node name="FoodSpawn16" type="Position2D" parent="FoodSpawnsContainer" index="15"]

position = Vector2( 336, 272 )

[node name="FoodSpawn17" type="Position2D" parent="FoodSpawnsContainer" index="16"]

position = Vector2( 496, 400 )

[node name="FoodSpawn18" type="Position2D" parent="FoodSpawnsContainer" index="17"]

position = Vector2( 528, 368 )

[node name="FoodSpawn19" type="Position2D" parent="FoodSpawnsContainer" index="18"]

position = Vector2( 80, 336 )

[node name="FoodSpawn20" type="Position2D" parent="FoodSpawnsContainer" index="19"]

position = Vector2( 80, 272 )

[node name="FoodSpawn21" type="Position2D" parent="FoodSpawnsContainer" index="20"]

position = Vector2( 368, 208 )

[node name="FoodSpawn22" type="Position2D" parent="FoodSpawnsContainer" index="21"]

position = Vector2( 208, 336 )

[node name="FoodSpawn23" type="Position2D" parent="FoodSpawnsContainer" index="22"]

position = Vector2( 368, 400 )

[node name="FoodSpawn24" type="Position2D" parent="FoodSpawnsContainer" index="23"]

position = Vector2( 464, 304 )

[node name="FoodSpawn25" type="Position2D" parent="FoodSpawnsContainer" index="24"]

position = Vector2( 496, 144 )

[node name="FoodSpawn26" type="Position2D" parent="FoodSpawnsContainer" index="25"]

position = Vector2( 176, 112 )

[node name="FoodSpawn27" type="Position2D" parent="FoodSpawnsContainer" index="26"]

position = Vector2( 48, 208 )

[node name="FoodSpawn28" type="Position2D" parent="FoodSpawnsContainer" index="27"]

position = Vector2( 112, 400 )

[node name="FoodSpawn29" type="Position2D" parent="FoodSpawnsContainer" index="28"]

position = Vector2( 208, 304 )

[node name="FoodSpawn30" type="Position2D" parent="FoodSpawnsContainer" index="29"]

position = Vector2( 176, 432 )

[node name="FoodSpawn31" type="Position2D" parent="FoodSpawnsContainer" index="30"]

position = Vector2( 48, 336 )

[node name="FoodSpawn32" type="Position2D" parent="FoodSpawnsContainer" index="31"]

position = Vector2( 112, 112 )

[node name="FoodSpawn33" type="Position2D" parent="FoodSpawnsContainer" index="32"]

position = Vector2( 304, 432 )

[node name="FoodSpawn34" type="Position2D" parent="FoodSpawnsContainer" index="33"]

position = Vector2( 592, 304 )

[node name="FoodSpawn35" type="Position2D" parent="FoodSpawnsContainer" index="34"]

position = Vector2( 464, 112 )

[node name="FoodSpawn36" type="Position2D" parent="FoodSpawnsContainer" index="35"]

position = Vector2( 208, 112 )

[node name="FoodSpawn37" type="Position2D" parent="FoodSpawnsContainer" index="36"]

position = Vector2( 48, 240 )

[node name="FoodSpawn38" type="Position2D" parent="FoodSpawnsContainer" index="37"]

position = Vector2( 272, 240 )

[node name="FoodSpawn39" type="Position2D" parent="FoodSpawnsContainer" index="38"]

position = Vector2( 336, 176 )

[node name="FoodSpawn40" type="Position2D" parent="FoodSpawnsContainer" index="39"]

position = Vector2( 496, 240 )

[node name="FoodSpawn41" type="Position2D" parent="FoodSpawnsContainer" index="40"]

position = Vector2( 208, 176 )

[node name="FoodSpawn42" type="Position2D" parent="FoodSpawnsContainer" index="41"]

position = Vector2( 240, 336 )

[node name="FoodSpawn43" type="Position2D" parent="FoodSpawnsContainer" index="42"]

position = Vector2( 560, 208 )

[node name="FoodSpawn44" type="Position2D" parent="FoodSpawnsContainer" index="43"]

position = Vector2( 144, 304 )

[node name="FoodSpawn45" type="Position2D" parent="FoodSpawnsContainer" index="44"]

position = Vector2( 432, 368 )

[node name="FoodSpawn46" type="Position2D" parent="FoodSpawnsContainer" index="45"]

position = Vector2( 560, 336 )

[node name="FoodSpawn47" type="Position2D" parent="FoodSpawnsContainer" index="46"]

position = Vector2( 272, 208 )

[node name="FoodSpawn48" type="Position2D" parent="FoodSpawnsContainer" index="47"]

position = Vector2( 144, 368 )

[node name="FoodSpawn49" type="Position2D" parent="FoodSpawnsContainer" index="48"]

position = Vector2( 240, 432 )

[node name="FoodSpawn50" type="Position2D" parent="FoodSpawnsContainer" index="49"]

position = Vector2( 496, 432 )

[node name="FoodSpawn51" type="Position2D" parent="FoodSpawnsContainer" index="50"]

position = Vector2( 592, 272 )

[node name="FoodSpawn52" type="Position2D" parent="FoodSpawnsContainer" index="51"]

position = Vector2( 432, 112 )

[node name="FoodSpawn53" type="Position2D" parent="FoodSpawnsContainer" index="52"]

position = Vector2( 240, 112 )

[node name="FoodSpawn54" type="Position2D" parent="FoodSpawnsContainer" index="53"]

position = Vector2( 48, 112 )

[node name="FoodSpawn55" type="Position2D" parent="FoodSpawnsContainer" index="54"]

position = Vector2( 176, 368 )

[node name="FoodSpawn56" type="Position2D" parent="FoodSpawnsContainer" index="55"]

position = Vector2( 272, 432 )

[node name="FoodSpawn57" type="Position2D" parent="FoodSpawnsContainer" index="56"]

position = Vector2( 592, 368 )

[node name="FoodSpawn58" type="Position2D" parent="FoodSpawnsContainer" index="57"]

position = Vector2( 560, 112 )

[node name="FoodSpawn59" type="Position2D" parent="FoodSpawnsContainer" index="58"]

position = Vector2( 272, 112 )

[node name="FoodSpawn60" type="Position2D" parent="FoodSpawnsContainer" index="59"]

position = Vector2( 48, 176 )

[node name="FoodSpawn61" type="Position2D" parent="FoodSpawnsContainer" index="60"]

position = Vector2( 336, 368 )

[node name="FoodSpawn62" type="Position2D" parent="FoodSpawnsContainer" index="61"]

position = Vector2( 432, 432 )

[node name="FoodSpawn63" type="Position2D" parent="FoodSpawnsContainer" index="62"]

position = Vector2( 496, 336 )

[node name="FoodSpawn64" type="Position2D" parent="FoodSpawnsContainer" index="63"]

position = Vector2( 80, 208 )

[node name="FoodSpawn65" type="Position2D" parent="FoodSpawnsContainer" index="64"]

position = Vector2( 336, 112 )

[node name="FoodSpawn66" type="Position2D" parent="FoodSpawnsContainer" index="65"]

position = Vector2( 48, 368 )

[node name="FoodSpawn67" type="Position2D" parent="FoodSpawnsContainer" index="66"]

position = Vector2( 304, 336 )

[node name="FoodSpawn68" type="Position2D" parent="FoodSpawnsContainer" index="67"]

position = Vector2( 112, 240 )

[node name="FoodSpawn69" type="Position2D" parent="FoodSpawnsContainer" index="68"]

position = Vector2( 272, 176 )

[node name="FoodSpawn70" type="Position2D" parent="FoodSpawnsContainer" index="69"]

position = Vector2( 400, 272 )

[node name="FoodSpawn71" type="Position2D" parent="FoodSpawnsContainer" index="70"]

position = Vector2( 496, 208 )

[node name="FoodSpawn72" type="Position2D" parent="FoodSpawnsContainer" index="71"]

position = Vector2( 336, 144 )

[node name="FoodSpawn73" type="Position2D" parent="FoodSpawnsContainer" index="72"]

position = Vector2( 112, 144 )

[node name="FoodSpawn74" type="Position2D" parent="FoodSpawnsContainer" index="73"]

position = Vector2( 144, 336 )

[node name="FoodSpawn75" type="Position2D" parent="FoodSpawnsContainer" index="74"]

position = Vector2( 144, 432 )

[node name="FoodSpawn76" type="Position2D" parent="FoodSpawnsContainer" index="75"]

position = Vector2( 368, 336 )

[node name="FoodSpawn77" type="Position2D" parent="FoodSpawnsContainer" index="76"]

position = Vector2( 400, 432 )

[node name="FoodSpawn78" type="Position2D" parent="FoodSpawnsContainer" index="77"]

position = Vector2( 208, 432 )

[node name="FoodSpawn79" type="Position2D" parent="FoodSpawnsContainer" index="78"]

position = Vector2( 48, 400 )

[node name="FoodSpawn80" type="Position2D" parent="FoodSpawnsContainer" index="79"]

position = Vector2( 240, 272 )

[node name="FoodSpawn81" type="Position2D" parent="FoodSpawnsContainer" index="80"]

position = Vector2( 112, 208 )

[node name="FoodSpawn82" type="Position2D" parent="FoodSpawnsContainer" index="81"]

position = Vector2( 528, 240 )

[node name="FoodSpawn83" type="Position2D" parent="FoodSpawnsContainer" index="82"]

position = Vector2( 560, 176 )

[node name="FoodSpawn84" type="Position2D" parent="FoodSpawnsContainer" index="83"]

position = Vector2( 240, 144 )

[node name="FoodSpawn85" type="Position2D" parent="FoodSpawnsContainer" index="84"]

position = Vector2( 304, 144 )

[node name="FoodSpawn86" type="Position2D" parent="FoodSpawnsContainer" index="85"]

position = Vector2( 144, 112 )

[node name="FoodSpawn87" type="Position2D" parent="FoodSpawnsContainer" index="86"]

position = Vector2( 48, 304 )

[node name="FoodSpawn88" type="Position2D" parent="FoodSpawnsContainer" index="87"]

position = Vector2( 304, 112 )

[node name="FoodSpawn89" type="Position2D" parent="FoodSpawnsContainer" index="88"]

position = Vector2( 80, 432 )

[node name="FoodSpawn90" type="Position2D" parent="FoodSpawnsContainer" index="89"]

position = Vector2( 464, 272 )

[node name="FoodSpawn91" type="Position2D" parent="FoodSpawnsContainer" index="90"]

position = Vector2( 208, 208 )

[node name="FoodSpawn92" type="Position2D" parent="FoodSpawnsContainer" index="91"]

position = Vector2( 112, 304 )

[node name="FoodSpawn93" type="Position2D" parent="FoodSpawnsContainer" index="92"]

position = Vector2( 240, 368 )

[node name="FoodSpawn94" type="Position2D" parent="FoodSpawnsContainer" index="93"]

position = Vector2( 368, 432 )

[node name="FoodSpawn95" type="Position2D" parent="FoodSpawnsContainer" index="94"]

position = Vector2( 496, 368 )

[node name="FoodSpawn96" type="Position2D" parent="FoodSpawnsContainer" index="95"]

position = Vector2( 272, 272 )

[node name="FoodSpawn97" type="Position2D" parent="FoodSpawnsContainer" index="96"]

position = Vector2( 144, 208 )

[node name="FoodSpawn98" type="Position2D" parent="FoodSpawnsContainer" index="97"]

position = Vector2( 432, 176 )

[node name="FoodSpawn99" type="Position2D" parent="FoodSpawnsContainer" index="98"]

position = Vector2( 528, 336 )

[node name="FoodSpawn100" type="Position2D" parent="FoodSpawnsContainer" index="99"]

position = Vector2( 144, 272 )

[node name="FoodSpawn101" type="Position2D" parent="FoodSpawnsContainer" index="100"]

position = Vector2( 336, 400 )


