[gd_scene load_steps=3 format=2]

[ext_resource path="res://Scenes/Levels/Base/Level.tscn" type="PackedScene" id=1]
[ext_resource path="res://Scenes/Wall/Wall.tscn" type="PackedScene" id=2]

[node name="Level" index="0" instance=ExtResource( 1 )]

stage_number = 6

[node name="FoodSpawn1" parent="FoodSpawnsContainer" index="0"]

position = Vector2( 112, 144 )

[node name="FoodSpawn2" type="Position2D" parent="FoodSpawnsContainer" index="1"]

position = Vector2( 304, 368 )

[node name="FoodSpawn3" type="Position2D" parent="FoodSpawnsContainer" index="2"]

position = Vector2( 144, 304 )

[node name="FoodSpawn4" type="Position2D" parent="FoodSpawnsContainer" index="3"]

position = Vector2( 48, 368 )

[node name="FoodSpawn5" type="Position2D" parent="FoodSpawnsContainer" index="4"]

position = Vector2( 208, 432 )

[node name="FoodSpawn6" type="Position2D" parent="FoodSpawnsContainer" index="5"]

position = Vector2( 144, 368 )

[node name="FoodSpawn7" type="Position2D" parent="FoodSpawnsContainer" index="6"]

position = Vector2( 496, 368 )

[node name="FoodSpawn8" type="Position2D" parent="FoodSpawnsContainer" index="7"]

position = Vector2( 464, 304 )

[node name="FoodSpawn9" type="Position2D" parent="FoodSpawnsContainer" index="8"]

position = Vector2( 592, 144 )

[node name="FoodSpawn10" type="Position2D" parent="FoodSpawnsContainer" index="9"]

position = Vector2( 208, 112 )

[node name="FoodSpawn11" type="Position2D" parent="FoodSpawnsContainer" index="10"]

position = Vector2( 48, 176 )

[node name="FoodSpawn12" type="Position2D" parent="FoodSpawnsContainer" index="11"]

position = Vector2( 240, 176 )

[node name="FoodSpawn13" type="Position2D" parent="FoodSpawnsContainer" index="12"]

position = Vector2( 48, 112 )

[node name="FoodSpawn14" type="Position2D" parent="FoodSpawnsContainer" index="13"]

position = Vector2( 48, 304 )

[node name="FoodSpawn15" type="Position2D" parent="FoodSpawnsContainer" index="14"]

position = Vector2( 432, 208 )

[node name="FoodSpawn16" type="Position2D" parent="FoodSpawnsContainer" index="15"]

position = Vector2( 368, 432 )

[node name="FoodSpawn17" type="Position2D" parent="FoodSpawnsContainer" index="16"]

position = Vector2( 144, 240 )

[node name="FoodSpawn18" type="Position2D" parent="FoodSpawnsContainer" index="17"]

position = Vector2( 400, 112 )

[node name="FoodSpawn19" type="Position2D" parent="FoodSpawnsContainer" index="18"]

position = Vector2( 592, 272 )

[node name="FoodSpawn20" type="Position2D" parent="FoodSpawnsContainer" index="19"]

position = Vector2( 400, 368 )

[node name="FoodSpawn21" type="Position2D" parent="FoodSpawnsContainer" index="20"]

position = Vector2( 112, 304 )

[node name="FoodSpawn22" type="Position2D" parent="FoodSpawnsContainer" index="21"]

position = Vector2( 336, 176 )

[node name="FoodSpawn23" type="Position2D" parent="FoodSpawnsContainer" index="22"]

position = Vector2( 528, 240 )

[node name="FoodSpawn24" type="Position2D" parent="FoodSpawnsContainer" index="23"]

position = Vector2( 560, 368 )

[node name="FoodSpawn25" type="Position2D" parent="FoodSpawnsContainer" index="24"]

position = Vector2( 80, 208 )

[node name="ExtraBlocks" parent="." index="2"]

editor/display_folded = true

[node name="Wall" parent="ExtraBlocks" index="0" instance=ExtResource( 2 )]

position = Vector2( 48, 272 )

[node name="Wall2" parent="ExtraBlocks" index="1" instance=ExtResource( 2 )]

position = Vector2( 80, 272 )

[node name="Wall3" parent="ExtraBlocks" index="2" instance=ExtResource( 2 )]

position = Vector2( 112, 272 )

[node name="Wall4" parent="ExtraBlocks" index="3" instance=ExtResource( 2 )]

position = Vector2( 144, 272 )

[node name="Wall5" parent="ExtraBlocks" index="4" instance=ExtResource( 2 )]

position = Vector2( 176, 272 )

[node name="Wall6" parent="ExtraBlocks" index="5" instance=ExtResource( 2 )]

position = Vector2( 208, 272 )

[node name="Wall7" parent="ExtraBlocks" index="6" instance=ExtResource( 2 )]

position = Vector2( 240, 272 )

[node name="Wall8" parent="ExtraBlocks" index="7" instance=ExtResource( 2 )]

position = Vector2( 272, 272 )

[node name="Wall9" parent="ExtraBlocks" index="8" instance=ExtResource( 2 )]

position = Vector2( 304, 272 )

[node name="Wall18" parent="ExtraBlocks" index="9" instance=ExtResource( 2 )]

position = Vector2( 304, 304 )

[node name="Wall35" parent="ExtraBlocks" index="10" instance=ExtResource( 2 )]

position = Vector2( 304, 208 )

[node name="Wall19" parent="ExtraBlocks" index="11" instance=ExtResource( 2 )]

position = Vector2( 304, 336 )

[node name="Wall29" parent="ExtraBlocks" index="12" instance=ExtResource( 2 )]

position = Vector2( 304, 240 )

[node name="Wall20" parent="ExtraBlocks" index="13" instance=ExtResource( 2 )]

position = Vector2( 272, 336 )

[node name="Wall28" parent="ExtraBlocks" index="14" instance=ExtResource( 2 )]

position = Vector2( 272, 240 )

[node name="Wall21" parent="ExtraBlocks" index="15" instance=ExtResource( 2 )]

position = Vector2( 240, 336 )

[node name="Wall36" parent="ExtraBlocks" index="16" instance=ExtResource( 2 )]

position = Vector2( 240, 240 )

[node name="Wall24" parent="ExtraBlocks" index="17" instance=ExtResource( 2 )]

position = Vector2( 240, 304 )

[node name="Wall38" parent="ExtraBlocks" index="18" instance=ExtResource( 2 )]

position = Vector2( 208, 304 )

[node name="Wall31" parent="ExtraBlocks" index="19" instance=ExtResource( 2 )]

position = Vector2( 240, 208 )

[node name="Wall25" parent="ExtraBlocks" index="20" instance=ExtResource( 2 )]

position = Vector2( 272, 304 )

[node name="Wall33" parent="ExtraBlocks" index="21" instance=ExtResource( 2 )]

position = Vector2( 272, 208 )

[node name="Wall27" parent="ExtraBlocks" index="22" instance=ExtResource( 2 )]

position = Vector2( 336, 304 )

[node name="Wall46" parent="ExtraBlocks" index="23" instance=ExtResource( 2 )]

position = Vector2( 368, 304 )

[node name="Wall32" parent="ExtraBlocks" index="24" instance=ExtResource( 2 )]

position = Vector2( 336, 208 )

[node name="Wall47" parent="ExtraBlocks" index="25" instance=ExtResource( 2 )]

position = Vector2( 368, 208 )

[node name="Wall26" parent="ExtraBlocks" index="26" instance=ExtResource( 2 )]

position = Vector2( 400, 304 )

[node name="Wall39" parent="ExtraBlocks" index="27" instance=ExtResource( 2 )]

position = Vector2( 432, 304 )

[node name="Wall40" parent="ExtraBlocks" index="28" instance=ExtResource( 2 )]

position = Vector2( 432, 240 )

[node name="Wall41" parent="ExtraBlocks" index="29" instance=ExtResource( 2 )]

position = Vector2( 208, 240 )

[node name="Wall42" parent="ExtraBlocks" index="30" instance=ExtResource( 2 )]

position = Vector2( 112, 176 )

[node name="Wall45" parent="ExtraBlocks" index="31" instance=ExtResource( 2 )]

position = Vector2( 528, 176 )

[node name="Wall43" parent="ExtraBlocks" index="32" instance=ExtResource( 2 )]

position = Vector2( 112, 368 )

[node name="Wall44" parent="ExtraBlocks" index="33" instance=ExtResource( 2 )]

position = Vector2( 528, 368 )

[node name="Wall37" parent="ExtraBlocks" index="34" instance=ExtResource( 2 )]

position = Vector2( 400, 208 )

[node name="Wall22" parent="ExtraBlocks" index="35" instance=ExtResource( 2 )]

position = Vector2( 336, 336 )

[node name="Wall50" parent="ExtraBlocks" index="36" instance=ExtResource( 2 )]

position = Vector2( 368, 336 )

[node name="Wall30" parent="ExtraBlocks" index="37" instance=ExtResource( 2 )]

position = Vector2( 336, 240 )

[node name="Wall48" parent="ExtraBlocks" index="38" instance=ExtResource( 2 )]

position = Vector2( 368, 240 )

[node name="Wall23" parent="ExtraBlocks" index="39" instance=ExtResource( 2 )]

position = Vector2( 400, 336 )

[node name="Wall34" parent="ExtraBlocks" index="40" instance=ExtResource( 2 )]

position = Vector2( 400, 240 )

[node name="Wall10" parent="ExtraBlocks" index="41" instance=ExtResource( 2 )]

position = Vector2( 336, 272 )

[node name="Wall49" parent="ExtraBlocks" index="42" instance=ExtResource( 2 )]

position = Vector2( 368, 272 )

[node name="Wall11" parent="ExtraBlocks" index="43" instance=ExtResource( 2 )]

position = Vector2( 400, 272 )

[node name="Wall12" parent="ExtraBlocks" index="44" instance=ExtResource( 2 )]

position = Vector2( 432, 272 )

[node name="Wall14" parent="ExtraBlocks" index="45" instance=ExtResource( 2 )]

position = Vector2( 464, 272 )

[node name="Wall15" parent="ExtraBlocks" index="46" instance=ExtResource( 2 )]

position = Vector2( 496, 272 )

[node name="Wall16" parent="ExtraBlocks" index="47" instance=ExtResource( 2 )]

position = Vector2( 528, 272 )

[node name="Wall17" parent="ExtraBlocks" index="48" instance=ExtResource( 2 )]

position = Vector2( 560, 272 )


