[gd_scene load_steps=3 format=2]

[ext_resource path="res://Scenes/Levels/Base/Level.tscn" type="PackedScene" id=1]
[ext_resource path="res://Scenes/Wall/Wall.tscn" type="PackedScene" id=2]

[node name="Level" index="0" instance=ExtResource( 1 )]

stage_number = 8

[node name="FoodSpawn1" parent="FoodSpawnsContainer" index="0"]

position = Vector2( 592, 432 )

[node name="FoodSpawn2" type="Position2D" parent="FoodSpawnsContainer" index="1"]

position = Vector2( 432, 304 )

[node name="FoodSpawn3" type="Position2D" parent="FoodSpawnsContainer" index="2"]

position = Vector2( 176, 144 )

[node name="FoodSpawn4" type="Position2D" parent="FoodSpawnsContainer" index="3"]

position = Vector2( 80, 336 )

[node name="FoodSpawn5" type="Position2D" parent="FoodSpawnsContainer" index="4"]

position = Vector2( 368, 400 )

[node name="FoodSpawn6" type="Position2D" parent="FoodSpawnsContainer" index="5"]

position = Vector2( 528, 240 )

[node name="FoodSpawn7" type="Position2D" parent="FoodSpawnsContainer" index="6"]

position = Vector2( 336, 144 )

[node name="FoodSpawn8" type="Position2D" parent="FoodSpawnsContainer" index="7"]

position = Vector2( 176, 336 )

[node name="FoodSpawn9" type="Position2D" parent="FoodSpawnsContainer" index="8"]

position = Vector2( 176, 208 )

[node name="FoodSpawn10" type="Position2D" parent="FoodSpawnsContainer" index="9"]

position = Vector2( 48, 112 )

[node name="FoodSpawn11" type="Position2D" parent="FoodSpawnsContainer" index="10"]

position = Vector2( 112, 432 )

[node name="FoodSpawn12" type="Position2D" parent="FoodSpawnsContainer" index="11"]

position = Vector2( 208, 368 )

[node name="FoodSpawn13" type="Position2D" parent="FoodSpawnsContainer" index="12"]

position = Vector2( 272, 304 )

[node name="FoodSpawn14" type="Position2D" parent="FoodSpawnsContainer" index="13"]

position = Vector2( 80, 144 )

[node name="FoodSpawn15" type="Position2D" parent="FoodSpawnsContainer" index="14"]

position = Vector2( 496, 240 )

[node name="FoodSpawn16" type="Position2D" parent="FoodSpawnsContainer" index="15"]

position = Vector2( 560, 400 )

[node name="FoodSpawn17" type="Position2D" parent="FoodSpawnsContainer" index="16"]

position = Vector2( 336, 304 )

[node name="FoodSpawn18" type="Position2D" parent="FoodSpawnsContainer" index="17"]

position = Vector2( 432, 208 )

[node name="FoodSpawn19" type="Position2D" parent="FoodSpawnsContainer" index="18"]

position = Vector2( 464, 368 )

[node name="FoodSpawn20" type="Position2D" parent="FoodSpawnsContainer" index="19"]

position = Vector2( 208, 176 )

[node name="FoodSpawn21" type="Position2D" parent="FoodSpawnsContainer" index="20"]

position = Vector2( 112, 304 )

[node name="FoodSpawn22" type="Position2D" parent="FoodSpawnsContainer" index="21"]

position = Vector2( 304, 240 )

[node name="FoodSpawn23" type="Position2D" parent="FoodSpawnsContainer" index="22"]

position = Vector2( 464, 112 )

[node name="FoodSpawn24" type="Position2D" parent="FoodSpawnsContainer" index="23"]

position = Vector2( 560, 304 )

[node name="FoodSpawn25" type="Position2D" parent="FoodSpawnsContainer" index="24"]

position = Vector2( 272, 400 )

[node name="ExtraBlocks" parent="." index="2"]

editor/display_folded = true

[node name="Wall" parent="ExtraBlocks" index="0" instance=ExtResource( 2 )]

position = Vector2( 528, 176 )

[node name="Wall13" parent="ExtraBlocks" index="1" instance=ExtResource( 2 )]

position = Vector2( 400, 176 )

[node name="Wall18" parent="ExtraBlocks" index="2" instance=ExtResource( 2 )]

position = Vector2( 272, 176 )

[node name="Wall27" parent="ExtraBlocks" index="3" instance=ExtResource( 2 )]

position = Vector2( 144, 176 )

[node name="Wall7" parent="ExtraBlocks" index="4" instance=ExtResource( 2 )]

position = Vector2( 528, 336 )

[node name="Wall16" parent="ExtraBlocks" index="5" instance=ExtResource( 2 )]

position = Vector2( 400, 336 )

[node name="Wall24" parent="ExtraBlocks" index="6" instance=ExtResource( 2 )]

position = Vector2( 272, 336 )

[node name="Wall28" parent="ExtraBlocks" index="7" instance=ExtResource( 2 )]

position = Vector2( 144, 336 )

[node name="Wall2" parent="ExtraBlocks" index="8" instance=ExtResource( 2 )]

position = Vector2( 496, 176 )

[node name="Wall10" parent="ExtraBlocks" index="9" instance=ExtResource( 2 )]

position = Vector2( 368, 176 )

[node name="Wall19" parent="ExtraBlocks" index="10" instance=ExtResource( 2 )]

position = Vector2( 240, 176 )

[node name="Wall30" parent="ExtraBlocks" index="11" instance=ExtResource( 2 )]

position = Vector2( 112, 176 )

[node name="Wall5" parent="ExtraBlocks" index="12" instance=ExtResource( 2 )]

position = Vector2( 496, 336 )

[node name="Wall12" parent="ExtraBlocks" index="13" instance=ExtResource( 2 )]

position = Vector2( 368, 336 )

[node name="Wall22" parent="ExtraBlocks" index="14" instance=ExtResource( 2 )]

position = Vector2( 240, 336 )

[node name="Wall29" parent="ExtraBlocks" index="15" instance=ExtResource( 2 )]

position = Vector2( 112, 336 )

[node name="Wall3" parent="ExtraBlocks" index="16" instance=ExtResource( 2 )]

position = Vector2( 496, 208 )

[node name="Wall15" parent="ExtraBlocks" index="17" instance=ExtResource( 2 )]

position = Vector2( 368, 208 )

[node name="Wall17" parent="ExtraBlocks" index="18" instance=ExtResource( 2 )]

position = Vector2( 240, 208 )

[node name="Wall32" parent="ExtraBlocks" index="19" instance=ExtResource( 2 )]

position = Vector2( 112, 208 )

[node name="Wall8" parent="ExtraBlocks" index="20" instance=ExtResource( 2 )]

position = Vector2( 496, 368 )

[node name="Wall9" parent="ExtraBlocks" index="21" instance=ExtResource( 2 )]

position = Vector2( 368, 368 )

[node name="Wall20" parent="ExtraBlocks" index="22" instance=ExtResource( 2 )]

position = Vector2( 240, 368 )

[node name="Wall31" parent="ExtraBlocks" index="23" instance=ExtResource( 2 )]

position = Vector2( 112, 368 )

[node name="Wall4" parent="ExtraBlocks" index="24" instance=ExtResource( 2 )]

position = Vector2( 528, 208 )

[node name="Wall11" parent="ExtraBlocks" index="25" instance=ExtResource( 2 )]

position = Vector2( 400, 208 )

[node name="Wall21" parent="ExtraBlocks" index="26" instance=ExtResource( 2 )]

position = Vector2( 272, 208 )

[node name="Wall25" parent="ExtraBlocks" index="27" instance=ExtResource( 2 )]

position = Vector2( 144, 208 )

[node name="Wall6" parent="ExtraBlocks" index="28" instance=ExtResource( 2 )]

position = Vector2( 528, 368 )

[node name="Wall14" parent="ExtraBlocks" index="29" instance=ExtResource( 2 )]

position = Vector2( 400, 368 )

[node name="Wall23" parent="ExtraBlocks" index="30" instance=ExtResource( 2 )]

position = Vector2( 272, 368 )

[node name="Wall26" parent="ExtraBlocks" index="31" instance=ExtResource( 2 )]

position = Vector2( 144, 368 )


